% ----------------------------------------------------------------------
%                                 Sites
% ----------------------------------------------------------------------
@misc{UA741,
  note = {«UA741 datasheet - General Purpose Operational Amplifier». Acedido: 9 de março de 2024. Disponível em: \url{https://www.digchip.com/datasheets/parts/datasheet/364/UA741.php}},
}
